1CClientBankExchange
ВерсияФормата=1,01
Кодировка=Windows
Получатель=1Cv77
ДатаСоздания=24.12.2009
ВремяСоздания=10:01:51
ДатаНачала=23.12.2009
ДатаКонца=24.12.2009
РасчСчет=40702810538030101736
СекцияРасчСчет
ДатаНачала=23.12.2009
ДатаКонца=23.12.2009
РасчСчет=40702810538030101736
НачальныйОстаток=91165.93
ВсегоПоступило=3000
ВсегоСписано=0
КонечныйОстаток=94165.93
КонецРасчСчет
СекцияДокумент=Платежное поручение
Дата=23.12.2009
Номер=226
Сумма=3000
ПлательщикСчет=40702810587880000427
ПолучательСчет=40702810538030101736
ПлательщикИНН=7707057340
Плательщик1=Общество с ограниченной ответственностью "Совместное предприятие" Метрополь"
ПлательщикБИК=44552272
ПлательщикБанк1=МОСКОВСКИЙ ФИЛИАЛ ОАО АКБ "РОСБАНК" г. МОСКВА
ПолучательИНН=7729143024
Получатель1=ООО "Дапекс" Донское ОСБ N 7813/1661
ПолучательБИК=44525225
ПолучательБанк1="СБЕРБАНК РОССИИ" Г.МОСКВА
НазначениеПлатежа=Оплата комиссионного вознаграждения по счету N 661 от 11.12.2009 г Сумма 3000-00 В т.ч. НДС(18%) 457-63 
СтатусСоставителя=
ПлательщикКПП=774850001
ПолучательКПП=772901001
ПоказательКБК=
ОКАТО=
ПоказательОснования=
ПоказательПериода=
ПоказательНомера=
ПоказательДаты=
ПоказательТипа=
ВидОплаты=1
ДатаПоступило=23.12.2009
КонецДокумента
КонецФайла
