1CClientBankExchange
ВерсияФормата=1.02
Кодировка=Cp1251
Отправитель=
Получатель=
ДатаСоздания=10.11.2015
ВремяСоздания=09:02:20
ДатаНачала=09.11.2015
ДатаКонца=10.11.2015
РасчСчет=40702810338000037920
РасчСчет=40702810938000037922
СекцияРасчСчет
ДатаНачала=09.11.2015
ДатаКонца=09.11.2015
НачальныйОстаток=2724558.16
РасчСчет=40702810338000037920
ВсегоСписано=2650442.97
ВсегоПоступило=52206
КонечныйОстаток=126321.19
КонецРасчСчет
СекцияРасчСчет
ДатаНачала=09.11.2015
ДатаКонца=09.11.2015
НачальныйОстаток=0
РасчСчет=40702810938000037922
ВсегоСписано=0
ВсегоПоступило=0
КонечныйОстаток=0
КонецРасчСчет
СекцияДокумент=Банковский ордер
Номер=132920
Дата=09.11.2015
Сумма=40
ПлательщикСчет=40702810338000037920
ДатаСписано=09.11.2015
Плательщик=ООО СК "МОНОЛИТ"
ПлательщикИНН=7714939840
ПлательщикКПП=771401001
ПлательщикРасчСчет=40702810338000037920
ПлательщикБанк1=ПАО СБЕРБАНК
ПлательщикБИК=044525225
ПлательщикКорсчет=30101810400000000225
ПолучательСчет=70601810038002102020
ДатаПоступило=
Получатель=ПАО СБЕРБАНК
ПолучательИНН=7707083893
ПолучательКПП=775003035
ПолучательРасчСчет=70601810038002102020
ПолучательБанк1=ПАО СБЕРБАНК
ПолучательБИК=044525225
ПолучательКорсчет=30101810400000000225
ВидПлатежа=0
ВидОплаты=17
Код=
СтатусСоставителя=
ПоказательКБК=
ОКАТО=
ПоказательОснования=
ПоказательПериода=
ПоказательНомера=
ПоказательДаты=
ПоказательТипа=
Очередность=5
НазначениеПлатежа= Комиссия за ПП/ПТ в СБ через ДБО согласно договора РКО № 40702810338000037920 от '08/06/2015'.Документ(ы):  Документ(ы):; от 09/11/15 №№: 818 (10143.9 RUR ), 822 (36000 RUR ), 823 (20669 RUR ), 824 (516081 RUR
КонецДокумента
СекцияДокумент=Банковский ордер
Номер=132910
Дата=09.11.2015
Сумма=120
ПлательщикСчет=40702810338000037920
ДатаСписано=09.11.2015
Плательщик=ООО СК "МОНОЛИТ"
ПлательщикИНН=7714939840
ПлательщикКПП=771401001
ПлательщикРасчСчет=40702810338000037920
ПлательщикБанк1=ПАО СБЕРБАНК
ПлательщикБИК=044525225
ПлательщикКорсчет=30101810400000000225
ПолучательСчет=70601810038002102020
ДатаПоступило=
Получатель=ПАО СБЕРБАНК
ПолучательИНН=7707083893
ПолучательКПП=775003035
ПолучательРасчСчет=70601810038002102020
ПолучательБанк1=ПАО СБЕРБАНК
ПолучательБИК=044525225
ПолучательКорсчет=30101810400000000225
ВидПлатежа=0
ВидОплаты=17
Код=
СтатусСоставителя=
ПоказательКБК=
ОКАТО=
ПоказательОснования=
ПоказательПериода=
ПоказательНомера=
ПоказательДаты=
ПоказательТипа=
Очередность=5
НазначениеПлатежа= Комиссия за ПП/ПТ в КБ через ДБО согласно договора РКО № 40702810338000037920 от '08/06/2015'. Документ(ы):  Документ(ы):; от 09/11/15 №№: 826 (1458690 RUR ), 819 (30909.36 RUR ), 821 (7464.88 RUR ), 820 (4122
КонецДокумента
СекцияДокумент=Платежное поручение
Номер=821
Дата=09.11.2015
Сумма=7464.88
ПлательщикСчет=40702810338000037920
ДатаСписано=09.11.2015
Плательщик=ООО СК "МОНОЛИТ"
ПлательщикИНН=7714939840
ПлательщикКПП=771401001
ПлательщикРасчСчет=40702810338000037920
ПлательщикБанк1=ПАО СБЕРБАНК
ПлательщикБИК=044525225
ПлательщикКорсчет=30101810400000000225
ПолучательСчет=40702810600110110320
ДатаПоступило=
Получатель=ООО "ТОРГОВЫЙ ДОМ ОМИС" 
ПолучательИНН=7717603220
ПолучательКПП=771701001
ПолучательРасчСчет=40702810600110110320
ПолучательБанк1=АКБ "РОСЕВРОБАНК" (АО)
ПолучательБИК=044525836
ПолучательКорсчет=30101810445250000836
ВидПлатежа=электронно
ВидОплаты=01
Код=0
СтатусСоставителя=
ПоказательКБК=
ОКАТО=
ПоказательОснования=
ПоказательПериода=
ПоказательНомера=
ПоказательДаты=
ПоказательТипа=
Очередность=5
НазначениеПлатежа=Оплата за вентиляционное оборудование. Счет на оплату N УТ-40149 от 5 ноября 2015 г.Счет на оплату N УТ-40240 от 6 ноября 2015 г. включая НДС 18.0 % - 1138-71  
КонецДокумента
СекцияДокумент=Платежное поручение
Номер=818
Дата=09.11.2015
Сумма=10143.9
ПлательщикСчет=40702810338000037920
ДатаСписано=09.11.2015
Плательщик=ООО СК "МОНОЛИТ"
ПлательщикИНН=7714939840
ПлательщикКПП=771401001
ПлательщикРасчСчет=40702810338000037920
ПлательщикБанк1=ПАО СБЕРБАНК
ПлательщикБИК=044525225
ПлательщикКорсчет=30101810400000000225
ПолучательСчет=40702810640210004004
ДатаПоступило=
Получатель=ООО "СК-1" 
ПолучательИНН=5012070957
ПолучательКПП=504101001
ПолучательРасчСчет=40702810640210004004
ПолучательБанк1=ПАО СБЕРБАНК
ПолучательБИК=044525225
ПолучательКорсчет=30101810400000000225
ВидПлатежа=электронно
ВидОплаты=01
Код=0
СтатусСоставителя=
ПоказательКБК=
ОКАТО=
ПоказательОснования=
ПоказательПериода=
ПоказательНомера=
ПоказательДаты=
ПоказательТипа=
Очередность=5
НазначениеПлатежа=Оплата за керамическую плитку. Счет на оплату N 9049 от 5 ноября 2015 г. включая НДС 18.0 % - 1547-37  
КонецДокумента
СекцияДокумент=Платежное поручение
Номер=823
Дата=09.11.2015
Сумма=20669
ПлательщикСчет=40702810338000037920
ДатаСписано=09.11.2015
Плательщик=ООО СК "МОНОЛИТ"
ПлательщикИНН=7714939840
ПлательщикКПП=771401001
ПлательщикРасчСчет=40702810338000037920
ПлательщикБанк1=ПАО СБЕРБАНК
ПлательщикБИК=044525225
ПлательщикКорсчет=30101810400000000225
ПолучательСчет=40702810440050002631
ДатаПоступило=
Получатель=ООО "ЮМИКС ТМ" 
ПолучательИНН=7716156805
ПолучательКПП=772301001
ПолучательРасчСчет=40702810440050002631
ПолучательБанк1=ПАО СБЕРБАНК
ПолучательБИК=044525225
ПолучательКорсчет=30101810400000000225
ВидПлатежа=электронно
ВидОплаты=01
Код=0
СтатусСоставителя=
ПоказательКБК=
ОКАТО=
ПоказательОснования=
ПоказательПериода=
ПоказательНомера=
ПоказательДаты=
ПоказательТипа=
Очередность=5
НазначениеПлатежа=Оплата за кабину душевую. Счет N 6076, N 6411 от 09 ноября 2015 г., включая НДС 18.0 % - 3152-90  
КонецДокумента
СекцияДокумент=Платежное поручение
Номер=819
Дата=09.11.2015
Сумма=30909.36
ПлательщикСчет=40702810338000037920
ДатаСписано=09.11.2015
Плательщик=ООО СК "МОНОЛИТ"
ПлательщикИНН=7714939840
ПлательщикКПП=771401001
ПлательщикРасчСчет=40702810338000037920
ПлательщикБанк1=ПАО СБЕРБАНК
ПлательщикБИК=044525225
ПлательщикКорсчет=30101810400000000225
ПолучательСчет=40702810902310000453
ДатаПоступило=
Получатель=ООО "Дига Компани" 
ПолучательИНН=7733786638
ПолучательКПП=772501001
ПолучательРасчСчет=40702810902310000453
ПолучательБанк1=АО "АЛЬФА-БАНК"
ПолучательБИК=044525593
ПолучательКорсчет=30101810200000000593
ВидПлатежа=электронно
ВидОплаты=01
Код=0
СтатусСоставителя=
ПоказательКБК=
ОКАТО=
ПоказательОснования=
ПоказательПериода=
ПоказательНомера=
ПоказательДаты=
ПоказательТипа=
Очередность=5
НазначениеПлатежа=Оплата за отделочные материалы. Счет на оплату N ДТ-15-ДК-2057 от 05 ноября 2015 г., включая НДС 18.0 % - 4714-99  
КонецДокумента
СекцияДокумент=Платежное поручение
Номер=822
Дата=09.11.2015
Сумма=36000
ПлательщикСчет=40702810338000037920
ДатаСписано=09.11.2015
Плательщик=ООО СК "МОНОЛИТ"
ПлательщикИНН=7714939840
ПлательщикКПП=771401001
ПлательщикРасчСчет=40702810338000037920
ПлательщикБанк1=ПАО СБЕРБАНК
ПлательщикБИК=044525225
ПлательщикКорсчет=30101810400000000225
ПолучательСчет=40702810338230101587
ДатаПоступило=
Получатель=ООО "Тайм" 
ПолучательИНН=5001002994
ПолучательКПП=500101001
ПолучательРасчСчет=40702810338230101587
ПолучательБанк1=ПАО СБЕРБАНК
ПолучательБИК=044525225
ПолучательКорсчет=30101810400000000225
ВидПлатежа=электронно
ВидОплаты=01
Код=0
СтатусСоставителя=
ПоказательКБК=
ОКАТО=
ПоказательОснования=
ПоказательПериода=
ПоказательНомера=
ПоказательДаты=
ПоказательТипа=
Очередность=5
НазначениеПлатежа=Оплата за электроприборы отопительные. Счет на оплату N УТ-21624 от 9 ноября 2015 г., включая НДС 18.0 % - 5491-53  
КонецДокумента
СекцияДокумент=Платежное поручение
Номер=820
Дата=09.11.2015
Сумма=41224.83
ПлательщикСчет=40702810338000037920
ДатаСписано=09.11.2015
Плательщик=ООО СК "МОНОЛИТ"
ПлательщикИНН=7714939840
ПлательщикКПП=771401001
ПлательщикРасчСчет=40702810338000037920
ПлательщикБанк1=ПАО СБЕРБАНК
ПлательщикБИК=044525225
ПлательщикКорсчет=30101810400000000225
ПолучательСчет=40702810500280001202
ДатаПоступило=
Получатель=ООО "АРСИЛАЙТ" 
ПолучательИНН=7717712974
ПолучательКПП=771701001
ПолучательРасчСчет=40702810500280001202
ПолучательБанк1=ОАО "БАНК МОСКВЫ"
ПолучательБИК=044525219
ПолучательКорсчет=30101810500000000219
ВидПлатежа=электронно
ВидОплаты=01
Код=0
СтатусСоставителя=
ПоказательКБК=
ОКАТО=
ПоказательОснования=
ПоказательПериода=
ПоказательНомера=
ПоказательДаты=
ПоказательТипа=
Очередность=5
НазначениеПлатежа=Оплата за электрику. Счет N 2577 от 06.11.2015., включая НДС 18.0 % - 6288-53  
КонецДокумента
СекцияДокумент=Платежное поручение
Номер=824
Дата=09.11.2015
Сумма=516081
ПлательщикСчет=40702810338000037920
ДатаСписано=09.11.2015
Плательщик=ООО СК "МОНОЛИТ"
ПлательщикИНН=7714939840
ПлательщикКПП=771401001
ПлательщикРасчСчет=40702810338000037920
ПлательщикБанк1=ПАО СБЕРБАНК
ПлательщикБИК=044525225
ПлательщикКорсчет=30101810400000000225
ПолучательСчет=40702810938000048296
ДатаПоступило=
Получатель=ООО "ТРЕЙД М" 
ПолучательИНН=7743046720
ПолучательКПП=774301001
ПолучательРасчСчет=40702810938000048296
ПолучательБанк1=ПАО СБЕРБАНК
ПолучательБИК=044525225
ПолучательКорсчет=30101810400000000225
ВидПлатежа=электронно
ВидОплаты=01
Код=0
СтатусСоставителя=
ПоказательКБК=
ОКАТО=
ПоказательОснования=
ПоказательПериода=
ПоказательНомера=
ПоказательДаты=
ПоказательТипа=
Очередность=5
НазначениеПлатежа=Оплата за металлоконструкции по договору N М-22 от 31.07.15г.  включая НДС 18.0 % - 78724-22  
КонецДокумента
СекцияДокумент=Платежное поручение
Номер=825
Дата=09.11.2015
Сумма=529100
ПлательщикСчет=40702810338000037920
ДатаСписано=09.11.2015
Плательщик=ООО СК "МОНОЛИТ"
ПлательщикИНН=7714939840
ПлательщикКПП=771401001
ПлательщикРасчСчет=40702810338000037920
ПлательщикБанк1=ПАО СБЕРБАНК
ПлательщикБИК=044525225
ПлательщикКорсчет=30101810400000000225
ПолучательСчет=40702810938000048296
ДатаПоступило=
Получатель=ООО "ТРЕЙД М" 
ПолучательИНН=7743046720
ПолучательКПП=774301001
ПолучательРасчСчет=40702810938000048296
ПолучательБанк1=ПАО СБЕРБАНК
ПолучательБИК=044525225
ПолучательКорсчет=30101810400000000225
ВидПлатежа=электронно
ВидОплаты=01
Код=0
СтатусСоставителя=
ПоказательКБК=
ОКАТО=
ПоказательОснования=
ПоказательПериода=
ПоказательНомера=
ПоказательДаты=
ПоказательТипа=
Очередность=5
НазначениеПлатежа=Оплата за металлоконструкции по договору N М-22 от 31.07.15г.  включая НДС 18.0 % - 80710-17  
КонецДокумента
СекцияДокумент=Платежное поручение
Номер=826
Дата=09.11.2015
Сумма=1458690
ПлательщикСчет=40702810338000037920
ДатаСписано=09.11.2015
Плательщик=ООО СК "МОНОЛИТ"
ПлательщикИНН=7714939840
ПлательщикКПП=771401001
ПлательщикРасчСчет=40702810338000037920
ПлательщикБанк1=ПАО СБЕРБАНК
ПлательщикБИК=044525225
ПлательщикКорсчет=30101810400000000225
ПолучательСчет=40702810400000086527
ДатаПоступило=
Получатель=ООО ОКО 
ПолучательИНН=6234144104
ПолучательКПП=623401001
ПолучательРасчСчет=40702810400000086527
ПолучательБанк1=ВТБ 24 (ПАО)
ПолучательБИК=044525716
ПолучательКорсчет=30101810100000000716
ВидПлатежа=электронно
ВидОплаты=01
Код=0
СтатусСоставителя=
ПоказательКБК=
ОКАТО=
ПоказательОснования=
ПоказательПериода=
ПоказательНомера=
ПоказательДаты=
ПоказательТипа=
Очередность=5
НазначениеПлатежа=Оплата за строительные материалы по договору N 63/10 от 15.10.15г. включая НДС 18.0 % - 222512-03  
КонецДокумента
СекцияДокумент=Платежное поручение
Номер=317372
Дата=09.11.2015
Сумма=1910
ПлательщикСчет=30233810749000600001
ДатаСписано=
Плательщик=АРХАНГЕЛЬСКОЕ ОТДЕЛЕНИЕ N 8637 ПАО СБЕРБАНК//ЯШКИН ИВАН ПЕТРОВИЧ//76432549600//РОССИЯ 164500 АРХАНГЕЛЬСКАЯ ОБЛАСТЬ Г СЕВЕРОДВИНСК УЛ ЛОМОНОСОВА Д 87/22 КВ 92//
ПлательщикИНН=7707083893
ПлательщикКПП=775001001
ПлательщикРасчСчет=30233810749000600001
ПлательщикБанк1=ЗАПАДНО-УРАЛЬСКИЙ БАНК ОАО "СБЕРБАНК РОССИИ"
ПлательщикБИК=045773603
ПлательщикКорсчет=30101810900000000603
ПолучательСчет=40702810338000037920
ДатаПоступило=09.11.2015
Получатель=ООО СК "МОНОЛИТ"
ПолучательИНН=7714939840
ПолучательКПП=771401001
ПолучательРасчСчет=40702810338000037920
ПолучательБанк1=ПАО СБЕРБАНК
ПолучательБИК=044525225
ПолучательКорсчет=30101810400000000225
ВидПлатежа=электронно
ВидОплаты=01
Код=
СтатусСоставителя=
ПоказательКБК=
ОКАТО=
ПоказательОснования=
ПоказательПериода=
ПоказательНомера=
ПоказательДаты=
ПоказательТипа=
Очередность=5
НазначениеПлатежа=ЗА 06/11/2015;ФИО:Яшкин Иван Петрович;АДРЕС:Арх.обл.,г.Северодвинск,ул.Ломоносова д.87 кв.92;ДОП_ИНФ:Покупка фотообои;КОНТАКТ:89058737138;
КонецДокумента
СекцияДокумент=Платежное поручение
Номер=933
Дата=09.11.2015
Сумма=3380
ПлательщикСчет=40702810110090001786
ДатаСписано=
Плательщик=ОБЩЕСТВО С ОГРАНИЧЕННОЙ ОТВЕТСТВЕННОСТЬЮ СТРОЙСНАБ
ПлательщикИНН=5029151690
ПлательщикКПП=502901001
ПлательщикРасчСчет=40702810110090001786
ПлательщикБанк1=АО "БАНК ИНТЕЗА"
ПлательщикБИК=044525922
ПлательщикКорсчет=30101810800000000922
ПолучательСчет=40702810338000037920
ДатаПоступило=09.11.2015
Получатель=ООО СК "МОНОЛИТ"
ПолучательИНН=7714939840
ПолучательКПП=771401001
ПолучательРасчСчет=40702810338000037920
ПолучательБанк1=ПАО СБЕРБАНК
ПолучательБИК=044525225
ПолучательКорсчет=30101810400000000225
ВидПлатежа=электронно
ВидОплаты=01
Код=
СтатусСоставителя=
ПоказательКБК=
ОКАТО=
ПоказательОснования=
ПоказательПериода=
ПоказательНомера=
ПоказательДаты=
ПоказательТипа=
Очередность=5
НазначениеПлатежа=Оплата за крепеж по счетам 2131; 2147 В том числе НДС 18% - 515.59
КонецДокумента
СекцияДокумент=Платежное поручение
Номер=1178
Дата=09.11.2015
Сумма=4400
ПлательщикСчет=40702810300000035040
ДатаСписано=
Плательщик=ООО "АСМ"
ПлательщикИНН=7722626350
ПлательщикКПП=0
ПлательщикРасчСчет=40702810300000035040
ПлательщикБанк1=ПАО "ПРОМСВЯЗЬБАНК"
ПлательщикБИК=044525555
ПлательщикКорсчет=30101810400000000555
ПолучательСчет=40702810338000037920
ДатаПоступило=09.11.2015
Получатель=Общество с ограниченной ответственностью СК"МОНОЛИТ"
ПолучательИНН=7714939840
ПолучательКПП=771401001
ПолучательРасчСчет=40702810338000037920
ПолучательБанк1=ПАО СБЕРБАНК
ПолучательБИК=044525225
ПолучательКорсчет=30101810400000000225
ВидПлатежа=электронно
ВидОплаты=01
Код=
СтатусСоставителя=
ПоказательКБК=
ОКАТО=
ПоказательОснования=
ПоказательПериода=
ПоказательНомера=
ПоказательДаты=
ПоказательТипа=
Очередность=5
НазначениеПлатежа=Оплата по сч.№ КРМ2142 от 09.11.2015 г.За заклепки алюминий/сталь RAL9003Сумма 4400-00В т.ч. НДС (18%) 671-18
КонецДокумента
СекцияДокумент=Платежное поручение
Номер=1474
Дата=09.11.2015
Сумма=15000
ПлательщикСчет=40702810746010006282
ДатаСписано=
Плательщик=ООО "Стройрегионгаз"
ПлательщикИНН=7733636689
ПлательщикКПП=774301001
ПлательщикРасчСчет=40702810746010006282
ПлательщикБанк1=ЦЕНТРАЛЬНЫЙ ФИЛИАЛ АБ "РОССИЯ"
ПлательщикБИК=044599132
ПлательщикКорсчет=30101810400000000132
ПолучательСчет=40702810338000037920
ДатаПоступило=09.11.2015
Получатель=ООО СК "МОНОЛИТ"
ПолучательИНН=7714939840
ПолучательКПП=771401001
ПолучательРасчСчет=40702810338000037920
ПолучательБанк1=ПАО СБЕРБАНК
ПолучательБИК=044525225
ПолучательКорсчет=30101810400000000225
ВидПлатежа=электронно
ВидОплаты=01
Код=
СтатусСоставителя=
ПоказательКБК=
ОКАТО=
ПоказательОснования=
ПоказательПериода=
ПоказательНомера=
ПоказательДаты=
ПоказательТипа=
Очередность=5
НазначениеПлатежа=Оплата по счету №КРМ2127 от 06.11.2015 г. за крепежные элементы.Сумма 15000-00В т.ч. НДС (18%) 2288-14
КонецДокумента
СекцияДокумент=Платежное поручение
Номер=388
Дата=09.11.2015
Сумма=27516
ПлательщикСчет=40702810000730000449
ДатаСписано=
Плательщик=ООО "БОБР ТЕЛЕКОМ"
ПлательщикИНН=7725783601
ПлательщикКПП=772501001
ПлательщикРасчСчет=40702810000730000449
ПлательщикБанк1=АО "ГЛОБЭКСБАНК"
ПлательщикБИК=044525243
ПлательщикКорсчет=30101810000000000243
ПолучательСчет=40702810338000037920
ДатаПоступило=09.11.2015
Получатель=ООО СК "МОНОЛИТ"
ПолучательИНН=7714939840
ПолучательКПП=771401001
ПолучательРасчСчет=40702810338000037920
ПолучательБанк1=ПАО СБЕРБАНК
ПолучательБИК=044525225
ПолучательКорсчет=30101810400000000225
ВидПлатежа=электронно
ВидОплаты=01
Код=
СтатусСоставителя=
ПоказательКБК=
ОКАТО=
ПоказательОснования=
ПоказательПериода=
ПоказательНомера=
ПоказательДаты=
ПоказательТипа=
Очередность=5
НазначениеПлатежа=Оплата за расходные материалы по счету №КРМ2141 от 9,11,15г., в т.ч. НДС 18% - 4197.36
КонецДокумента
КонецФайла