1CClientBankExchange
ВерсияФормата=1.01
Кодировка=Windows
Получатель=1Cv77
ДатаСоздания=29.07.2010
ВремяСоздания=14:29:32
ДатаНачала=15.07.2010
ДатаКонца=29.07.2010
РасчСчет=40702978338030201736
СекцияРасчСчет
ДатаНачала=15.07.2010
ДатаКонца=28.07.2010
РасчСчет=40702810538030101736
НачальныйОстаток=75371.15
ВсегоПоступило=374820.57
ВсегоСписано=223382.58
КонечныйОстаток=226809.14
КонецРасчСчет
СекцияРасчСчет
ДатаНачала=19.07.2010
ДатаКонца=22.07.2010
РасчСчет=40702978338030201736
НачальныйОстаток=0
ВсегоПоступило=1329.25
ВсегоСписано=1329.25
КонечныйОстаток=0
КонецРасчСчет
СекцияДокумент=Платежное поручение
Дата=15.07.2010
Номер=176
Сумма=14800
ПлательщикСчет=40702810200030002584
ПолучательСчет=40702810538030101736
ПлательщикИНН=7801443409
Плательщик1=ООО "Студия Силк Вэй Синема"
ПлательщикБИК=44030893
ПлательщикБанк1=СЕВЕРО-ЗАПАДНЫЙ ФИЛИАЛ АКБ "МБРР" (ОАО) г. САНКТ-ПЕТЕРБУРГ
ПолучательИНН=7729143024
Получатель1=ООО"ДАПЕКС"
ПолучательБИК=44525225
ПолучательБанк1=СБЕРБАНК РОССИИ ОАО Г.МОСКВА
НазначениеПлатежа=Оплата по сч.367 от 15.07.2010 за проживание в гостинице "Д-отель" г.Москва с 17.07. по 21.07гг (Миренкова) В том числе НДС 18% - 2257.63 
СтатусСоставителя=
ПлательщикКПП=780101001
ПолучательКПП=772901001
ПоказательКБК=
ОКАТО=
ПоказательОснования=
ПоказательПериода=
ПоказательНомера=
ПоказательДаты=
ПоказательТипа=
ВидОплаты=1
ДатаПоступило=15.07.2010
КонецДокумента
СекцияДокумент=Мемориальный ордер
Дата=16.07.2010
Номер=668
Сумма=-15
ПлательщикСчет=40702810538030101736
ПолучательСчет=706018100381121020201
ПлательщикИНН=7729143024
Плательщик1=ООО"ДАПЕКС"
ПлательщикБИК=44525225
ПлательщикБанк1=СБЕРБАНК РОССИИ ОАО Г.МОСКВА
ПолучательИНН=
Получатель1=Комиссия за совершение безналичных операций по счетам юридических лиц  (кроме кредитных организаций)
ПолучательБИК=0
ПолучательБанк1=Сбербанк России ОАО, г. Москва
НазначениеПлатежа=Комиссионное вознаграждение банка за выполнение платежа по счету 40702810538030101736 за 16.07.2010 согласно действующему тарифу. НДС не облагается.
СтатусСоставителя=
ПлательщикКПП=
ПолучательКПП=
ПоказательКБК=
ОКАТО=
ПоказательОснования=
ПоказательПериода=
ПоказательНомера=
ПоказательДаты=
ПоказательТипа=
ВидОплаты=17
ДатаСписано=16.07.2010
КонецДокумента
СекцияДокумент=Платежное поручение
Дата=16.07.2010
Номер=2333
Сумма=-13320
ПлательщикСчет=40702810538030101736
ПолучательСчет=40702810300000003630
ПлательщикИНН=7729143024
Плательщик1=ООО"ДАПЕКС"
ПлательщикБИК=44525225
ПлательщикБанк1=СБЕРБАНК РОССИИ ОАО Г.МОСКВА
ПолучательИНН=7717649634
Получатель1=ООО "Хотел Солюшенз"
ПолучательБИК=44583328
ПолучательБанк1=КБ "РМБ" ЗАО Г.МОСКВА
НазначениеПлатежа=Оплата за проживание по счету № 840/1 от 15.07.10г. В т.ч.НДС 2031,86 руб. 
СтатусСоставителя=
ПлательщикКПП=
ПолучательКПП=
ПоказательКБК=
ОКАТО=
ПоказательОснования=
ПоказательПериода=
ПоказательНомера=
ПоказательДаты=
ПоказательТипа=
ВидОплаты=1
ДатаСписано=16.07.2010
КонецДокумента
СекцияДокумент=Платежное поручение
Дата=14.07.2010
Номер=257
Сумма=33300
ПлательщикСчет=40602810920000000152
ПолучательСчет=40702810538030101736
ПлательщикИНН=0721019946
Плательщик1=ОАО "АГЕНТСТВО ИНВЕСТИЦИЙ И РАЗВИТИЯ КБР"
ПлательщикБИК=48327749
ПлательщикБанк1="БУМ-БАНК",ООО г. НАЛЬЧИК
ПолучательИНН=7729143024
Получатель1=ООО"ДАПЕКС"
ПолучательБИК=44525225
ПолучательБанк1=СБЕРБАНК РОССИИ ОАО Г.МОСКВА
НазначениеПлатежа=ОПЛАТА ПО ДОГ 47-10 ОТ 13.07.2010Г ПРОЖИВАНИЕ В ГОСТИНИЦЕ "МАРРИОТТ РОЯЛ АВРОРА" И ТРАНСФЕР УСЛУГИ НДС-5079.66 
СтатусСоставителя=
ПлательщикКПП=072101001
ПолучательКПП=
ПоказательКБК=
ОКАТО=
ПоказательОснования=
ПоказательПериода=
ПоказательНомера=
ПоказательДаты=
ПоказательТипа=
ВидОплаты=1
ДатаПоступило=16.07.2010
КонецДокумента
СекцияДокумент=Платежное поручение
Дата=16.07.2010
Номер=707
Сумма=57600
ПлательщикСчет=40702810500000000210
ПолучательСчет=40702810538030101736
ПлательщикИНН=7743035278
Плательщик1=Общество с ограниченной ответственностью "ТЮФ Интернациональ Рус ООО-предпринимательская группа ТЮФ Рейнланд/Берлин-Бранденбург"
ПлательщикБИК=44525101
ПлательщикБанк1=ООО "ДОЙЧЕ БАНК" г. МОСКВА
ПолучательИНН=7729143024
Получатель1=ООО"ДАПЕКС"
ПолучательБИК=44525225
ПолучательБанк1=СБЕРБАНК РОССИИ ОАО Г.МОСКВА
НазначениеПлатежа=Оплата по счету 330 от 29.06.10, запроживание Сибирь 05.07-08.07.10 Быков, Матвеев,Скатников,Уткина, В т.ч. НДС(18 ) 8786-44 
СтатусСоставителя=
ПлательщикКПП=
ПолучательКПП=
ПоказательКБК=
ОКАТО=
ПоказательОснования=
ПоказательПериода=
ПоказательНомера=
ПоказательДаты=
ПоказательТипа=
ВидОплаты=1
ДатаПоступило=16.07.2010
КонецДокумента
СекцияДокумент=Мемориальный ордер
Дата=
Номер=729
Сумма=-45
ПлательщикСчет=40702810538030101736
ПолучательСчет=706018100381121020201
ПлательщикИНН=7729143024
Плательщик1=ООО"ДАПЕКС"
ПлательщикБИК=44525225
ПлательщикБанк1=СБЕРБАНК РОССИИ ОАО Г.МОСКВА
ПолучательИНН=
Получатель1=
ПолучательБИК=0
ПолучательБанк1=
НазначениеПлатежа=Комиссионное вознаграждение банка за выполнение платежей по счету 40702810538030101736 за 19.07.2010 согласно действующему тарифу. |НДС не облагается.|
СтатусСоставителя=
ПлательщикКПП=
ПолучательКПП=
ПоказательКБК=
ОКАТО=
ПоказательОснования=
ПоказательПериода=
ПоказательНомера=
ПоказательДаты=
ПоказательТипа=
ВидОплаты=17
ДатаСписано=19.07.2010
КонецДокумента
СекцияДокумент=Платежное поручение
Дата=19.07.2010
Номер=2335
Сумма=-8077.5
ПлательщикСчет=40702810538030101736
ПолучательСчет=40502810504200140699
ПлательщикИНН=7729143024
Плательщик1=ООО"ДАПЕКС"
ПлательщикБИК=44525225
ПлательщикБанк1=Сбербанк России ОАО, г. Москва
ПолучательИНН=5039000717
Получатель1=ФГУП Пансионат с лечением "Пущино" ПНЦ РАН в Пущинском филиале банка "Возрождение" ОАО г. Пущино
ПолучательБИК=44525181
ПолучательБанк1=БАНК "ВОЗРОЖДЕНИЕ" (ОАО) Г.МОСКВА
НазначениеПлатежа=Оплата за проживание с 21.07 по 23.07.10. по счету № 305 от 12.07.10г. В т.ч.|НДС 1232,17 руб.| 
СтатусСоставителя=
ПлательщикКПП=
ПолучательКПП=
ПоказательКБК=
ОКАТО=
ПоказательОснования=
ПоказательПериода=
ПоказательНомера=
ПоказательДаты=
ПоказательТипа=
ВидОплаты=1
ДатаСписано=19.07.2010
КонецДокумента
СекцияДокумент=Платежное поручение
Дата=19.07.2010
Номер=2336
Сумма=-15360
ПлательщикСчет=40702810538030101736
ПолучательСчет=40702810601600143326
ПлательщикИНН=7729143024
Плательщик1=ООО"ДАПЕКС"
ПлательщикБИК=44525225
ПлательщикБанк1=Сбербанк России ОАО, г. Москва
ПолучательИНН=7707296041
Получатель1=ОАО "Гостиница "Будапешт"
ПолучательБИК=44525181
ПолучательБанк1=БАНК "ВОЗРОЖДЕНИЕ" (ОАО) Г.МОСКВА
НазначениеПлатежа=Оплата за проживание бронь№  251471, № 251473 (Ястребцев, Ермолин с 20 по 22.07.10г.) В т.ч.|НДС 2343,05 руб.| 
СтатусСоставителя=
ПлательщикКПП=
ПолучательКПП=
ПоказательКБК=
ОКАТО=
ПоказательОснования=
ПоказательПериода=
ПоказательНомера=
ПоказательДаты=
ПоказательТипа=
ВидОплаты=1
ДатаСписано=19.07.2010
КонецДокумента
СекцияДокумент=Платежное поручение
Дата=19.07.2010
Номер=2334
Сумма=-51652.9
ПлательщикСчет=40702810538030101736
ПолучательСчет=40702810500000000617
ПлательщикИНН=7729143024
Плательщик1=ООО"ДАПЕКС"
ПлательщикБИК=44525225
ПлательщикБанк1=Сбербанк России ОАО, г. Москва
ПолучательИНН=7715764342
Получатель1=ООО "ПроИмидж"
ПолучательБИК=44579124
ПолучательБанк1=АКБ "ИНКАРОБАНК" (ЗАО) Г.МОСКВА
НазначениеПлатежа=Оплата  по счету № 954 от 16.07.10г. В т.ч.|НДС 7879,26 руб.| 
СтатусСоставителя=
ПлательщикКПП=
ПолучательКПП=
ПоказательКБК=
ОКАТО=
ПоказательОснования=
ПоказательПериода=
ПоказательНомера=
ПоказательДаты=
ПоказательТипа=
ВидОплаты=1
ДатаСписано=19.07.2010
КонецДокумента
СекцияДокумент=Платежное поручение
Дата=19.07.2010
Номер=743
Сумма=320.5
ПлательщикСчет=40702810200240000119
ПолучательСчет=40702810538030101736
ПлательщикИНН=7715686461
Плательщик1=ОАО ГОСТИНИЦА АЛТАЙ
ПлательщикБИК=44525205
ПлательщикБанк1=ОАО "БИНБАНК" г. МОСКВА
ПолучательИНН=7729143024
Получатель1=ООО "ДАПЕКС" Донское ОСБ  7813/1661 Г.МОСКВА
ПолучательБИК=44525225
ПолучательБанк1=СБЕРБАНК РОССИИ ОАО г. МОСКВА
НазначениеПлатежа=По Договор на комиссионное вознаграждение сч.N346 от 30.06..2010г Cумма 320-50, в т.ч. |НДС(18%) - 48-89. 
СтатусСоставителя=
ПлательщикКПП=771501001
ПолучательКПП=772901001
ПоказательКБК=
ОКАТО=
ПоказательОснования=
ПоказательПериода=
ПоказательНомера=
ПоказательДаты=
ПоказательТипа=
ВидОплаты=1
ДатаПоступило=19.07.2010
КонецДокумента
СекцияДокумент=Платежное поручение
Дата=
Номер=48561
Сумма=1329.25
ПлательщикСчет=30302978638116000000
ПолучательСчет=40702978338030201736
ПлательщикИНН=F
Плательщик1=1/LIQUI MOLY GMBH                  2/JERG WIELAND STR. 4              3/DE/89081 ULM
ПлательщикБИК=0
ПлательщикБанк1=COMMERZBANK AG                     STUTTGART
ПолучательИНН=7729143024
Получатель1=ООО"ДАПЕКС"
ПолучательБИК=44525225
ПолучательБанк1=СБЕРБАНК РОССИИ ОАО Г.МОСКВА
НазначениеПлатежа=INV. 345                           LIQUI MOLY GMBH 
СтатусСоставителя=
ПлательщикКПП=
ПолучательКПП=
ПоказательКБК=
ОКАТО=
ПоказательОснования=
ПоказательПериода=
ПоказательНомера=
ПоказательДаты=
ПоказательТипа=
ВидОплаты=1
ДатаПоступило=19.07.2010
КонецДокумента
СекцияДокумент=Платежное поручение
Дата=20.07.2010
Номер=180
Сумма=4000
ПлательщикСчет=40702810200030002584
ПолучательСчет=40702810538030101736
ПлательщикИНН=7801443409
Плательщик1=ООО "Студия Силк Вэй Синема"
ПлательщикБИК=44030893
ПлательщикБанк1=СЕВЕРО-ЗАПАДНЫЙ ФИЛИАЛ АКБ "МБРР" (ОАО) г. САНКТ-ПЕТЕРБУРГ
ПолучательИНН=7729143024
Получатель1=ООО "Дапекс"
ПолучательБИК=44525225
ПолучательБанк1=СБЕРБАНК РОССИИ ОАО г. МОСКВА
НазначениеПлатежа=Оплата по сч.374 от 20.07.2010 за проживание в гостинице "Д-отель" г.Москва с 21.07. по 22.07гг (Миренкова) В том числе |НДС 18% - 2257.63 
СтатусСоставителя=
ПлательщикКПП=780101001
ПолучательКПП=772901001
ПоказательКБК=
ОКАТО=
ПоказательОснования=
ПоказательПериода=
ПоказательНомера=
ПоказательДаты=
ПоказательТипа=
ВидОплаты=1
ДатаПоступило=20.07.2010
КонецДокумента
СекцияДокумент=Платежное поручение
Дата=20.07.2010
Номер=2781
Сумма=23800
ПлательщикСчет=40702810004021467692
ПолучательСчет=40702810538030101736
ПлательщикИНН=2901008432
Плательщик1=ОАО "СЕВЕРНОЕ МОРСКОЕ ПАРОХОДСТВО"
ПлательщикБИК=41117601
ПлательщикБанк1=АРХАНГЕЛЬСКОЕ ОСБ N 8637 Г АРХАНГЕЛЬСК
ПолучательИНН=7729143024
Получатель1=ООО "Дапекс" Донское ОСБ N 7813
ПолучательБИК=44525225
ПолучательБанк1=СБЕРБАНК РОССИИ ОАО Г МОСКВА
НазначениеПлатежа=ОПЛАТА СЧЕТА N 372 ЗА ПРОЖИВАНИЕ В ГОСТИНИЦЕ БУДАПЕШТ 20-22/07/10 В ТОМ ЧИСЛЕ |НДС 18%- 3630-51 
СтатусСоставителя=
ПлательщикКПП=997650001
ПолучательКПП=772901001
ПоказательКБК=
ОКАТО=
ПоказательОснования=
ПоказательПериода=
ПоказательНомера=
ПоказательДаты=
ПоказательТипа=
ВидОплаты=1
ДатаПоступило=20.07.2010
КонецДокумента
СекцияДокумент=Платежное поручение
Дата=19.07.2010
Номер=829
Сумма=60000
ПлательщикСчет=40702810410000005883
ПолучательСчет=40702810538030101736
ПлательщикИНН=7840009516
Плательщик1=ООО "П.Т. групп"
ПлательщикБИК=44030889
ПлательщикБанк1=ЗАО "ЭКСИ-БАНК" г. САНКТ-ПЕТЕРБУРГ
ПолучательИНН=7729143024
Получатель1=ООО "ДАПЕКС"
ПолучательБИК=44525225
ПолучательБанк1=СБЕРБАНК РОССИИ ОАО г. МОСКВА
НазначениеПлатежа=Счет 360 от 09.07.2010г Cумма 60000-00, в т.ч. |НДС(18%) - 9152-54. 
СтатусСоставителя=
ПлательщикКПП=784001001
ПолучательКПП=772901001
ПоказательКБК=
ОКАТО=
ПоказательОснования=
ПоказательПериода=
ПоказательНомера=
ПоказательДаты=
ПоказательТипа=
ВидОплаты=1
ДатаПоступило=20.07.2010
КонецДокумента
СекцияДокумент=Мемориальный ордер
Дата=
Номер=617
Сумма=-15
ПлательщикСчет=40702810538030101736
ПолучательСчет=706018100381121020201
ПлательщикИНН=7729143024
Плательщик1=ООО"ДАПЕКС"
ПлательщикБИК=44525225
ПлательщикБанк1=СБЕРБАНК РОССИИ ОАО Г.МОСКВА
ПолучательИНН=
Получатель1=
ПолучательБИК=0
ПолучательБанк1=
НазначениеПлатежа=Комиссионное вознаграждение банка за выполнение платежа по счету 40702810538030101736 за 21.07.2010 согласно действующему тарифу. |НДС не облагается.|
СтатусСоставителя=
ПлательщикКПП=
ПолучательКПП=
ПоказательКБК=
ОКАТО=
ПоказательОснования=
ПоказательПериода=
ПоказательНомера=
ПоказательДаты=
ПоказательТипа=
ВидОплаты=17
ДатаСписано=21.07.2010
КонецДокумента
СекцияДокумент=Платежное поручение
Дата=21.07.2010
Номер=2337
Сумма=-3600
ПлательщикСчет=40702810538030101736
ПолучательСчет=40702810300000003630
ПлательщикИНН=7729143024
Плательщик1=ООО"ДАПЕКС"
ПлательщикБИК=44525225
ПлательщикБанк1=Сбербанк России ОАО, г. Москва
ПолучательИНН=7717649634
Получатель1=ООО "Хотел Солюшенз"
ПолучательБИК=44583328
ПолучательБанк1=КБ "РМБ" ЗАО Г.МОСКВА
НазначениеПлатежа=Оплата за проживание по счету № 840/2 от 20.07.10г. В т.ч.|НДС 549,15 руб.| 
СтатусСоставителя=
ПлательщикКПП=
ПолучательКПП=
ПоказательКБК=
ОКАТО=
ПоказательОснования=
ПоказательПериода=
ПоказательНомера=
ПоказательДаты=0
ПоказательТипа=
ВидОплаты=1
ДатаСписано=21.07.2010
КонецДокумента
СекцияДокумент=Платежное поручение
Дата=20.07.2010
Номер=576
Сумма=5450
ПлательщикСчет=40702810000060001954
ПолучательСчет=40702810538030101736
ПлательщикИНН=7730165784
Плательщик1=ОТКРЫТОЕ АКЦИОНЕРНОЕ ОБЩЕСТВО САДКО ОТЕЛЬ
ПлательщикБИК=44525205
ПлательщикБанк1=ОАО "БИНБАНК" г. МОСКВА
ПолучательИНН=7729143024
Получатель1=ООО "ДАПЕКС" Донское ОСБ 7813 г.Москва
ПолучательБИК=44525225
ПолучательБанк1=СБЕРБАНК РОССИИ ОАО г. МОСКВА
НазначениеПлатежа=сч-ф. 352 от 30/06/10 комиссионное вознаграждение за июнь 2010. Всего 5 450 в т.ч. |НДС 18% - 831,36 
СтатусСоставителя=
ПлательщикКПП=773001001
ПолучательКПП=772901001
ПоказательКБК=
ОКАТО=
ПоказательОснования=
ПоказательПериода=
ПоказательНомера=
ПоказательДаты=
ПоказательТипа=
ВидОплаты=1
ДатаПоступило=21.07.2010
КонецДокумента
СекцияДокумент=Платежное поручение
Дата=21.07.2010
Номер=1
Сумма=5950
ПлательщикСчет=40911810603020000015
ПолучательСчет=40702810538030101736
ПлательщикИНН=0274061206
Плательщик1=ОАО "Социнвестбанк"//ВОЛОДЬКО А.А.//Г УФА УЛ НАБЕРЕЖНАЯ Р УФЫ 45/2-5 ВТЧ НДС 907.63//
ПлательщикБИК=48073739
ПлательщикБанк1=ОАО "СОЦИНВЕСТБАНК" г. УФА
ПолучательИНН=7729143024
Получатель1=ООО ДАПЕКС ДОНСКОЕ ОСБ 7813/1661
ПолучательБИК=44525225
ПолучательБанк1=СБЕРБАНК РОССИИ ОАО г. МОСКВА
НазначениеПлатежа=ПРЕДОПЛАТА ПРОЖИВАНИЯ В ГОСТИНИЦЕ "УЛАНСКАЯ" Г МОСКВА С 24.07-25.07.2010 на счет 40702810538030101736 согл. дог. N плат. ВОЛОДЬКО А.А. адрес Г УФА УЛ НАБЕРЕЖНАЯ Р УФЫ 45/2-5 ВТЧ |НДС 907.63
СтатусСоставителя=
ПлательщикКПП=027801001
ПолучательКПП=
ПоказательКБК=
ОКАТО=
ПоказательОснования=
ПоказательПериода=
ПоказательНомера=
ПоказательДаты=
ПоказательТипа=
ВидОплаты=1
ДатаПоступило=21.07.2010
КонецДокумента
СекцияДокумент=Мемориальный ордер
Дата=
Номер=602
Сумма=-50
ПлательщикСчет=40702810538030101736
ПолучательСчет=706018100381121020201
ПлательщикИНН=7729143024
Плательщик1=ООО"ДАПЕКС"
ПлательщикБИК=44525225
ПлательщикБанк1=СБЕРБАНК РОССИИ ОАО Г.МОСКВА
ПолучательИНН=
Получатель1=
ПолучательБИК=0
ПолучательБанк1=
НазначениеПлатежа=Комиссионное вознаграждение банка за выполнение платежей по счету 40702810538030101736 за 22.07.2010 согласно действующему тарифу. |НДС не облагается.|
СтатусСоставителя=
ПлательщикКПП=
ПолучательКПП=
ПоказательКБК=
ОКАТО=
ПоказательОснования=
ПоказательПериода=
ПоказательНомера=
ПоказательДаты=
ПоказательТипа=
ВидОплаты=17
ДатаСписано=22.07.2010
КонецДокумента
СекцияДокумент=Мемориальный ордер
Дата=
Номер=5436315
Сумма=-92.85
ПлательщикСчет=40702810538030101736
ПолучательСчет=60309810338110100117
ПлательщикИНН=7729143024
Плательщик1=ООО"ДАПЕКС"
ПлательщикБИК=44525225
ПлательщикБанк1=СБЕРБАНК РОССИИ ОАО Г.МОСКВА
ПолучательИНН=
Получатель1=
ПолучательБИК=0
ПолучательБанк1=
НазначениеПлатежа=Ком. сбор за валютный  контроль по п/п 1 от 21.07.2010 |НДС 92.85 руб.| 
СтатусСоставителя=
ПлательщикКПП=
ПолучательКПП=
ПоказательКБК=
ОКАТО=
ПоказательОснования=
ПоказательПериода=
ПоказательНомера=
ПоказательДаты=
ПоказательТипа=
ВидОплаты=17
ДатаСписано=22.07.2010
КонецДокумента
СекцияДокумент=Мемориальный ордер
Дата=
Номер=5427371
Сумма=-484.51
ПлательщикСчет=40702810538030101736
ПолучательСчет=706018100381162031901
ПлательщикИНН=7729143024
Плательщик1=ООО"ДАПЕКС"
ПлательщикБИК=44525225
ПлательщикБанк1=СБЕРБАНК РОССИИ ОАО Г.МОСКВА
ПолучательИНН=
Получатель1=
ПолучательБИК=0
ПолучательБанк1=
НазначениеПлатежа=Комиссиионное вознаграждение за выполнение поручения на продажу валюты. Сумма 1329.25(978) Курс ЦБ:39.2145 Курс Сбербанка:38.8500 |НДС не облагается|
СтатусСоставителя=
ПлательщикКПП=
ПолучательКПП=
ПоказательКБК=
ОКАТО=
ПоказательОснования=
ПоказательПериода=
ПоказательНомера=
ПоказательДаты=
ПоказательТипа=
ВидОплаты=17
ДатаСписано=22.07.2010
КонецДокумента
СекцияДокумент=Мемориальный ордер
Дата=
Номер=5436315
Сумма=-515.82
ПлательщикСчет=40702810538030101736
ПолучательСчет=706018105381162030301
ПлательщикИНН=7729143024
Плательщик1=ООО"ДАПЕКС"
ПлательщикБИК=44525225
ПлательщикБанк1=СБЕРБАНК РОССИИ ОАО Г.МОСКВА
ПолучательИНН=
Получатель1=
ПолучательБИК=0
ПолучательБанк1=
НазначениеПлатежа=Ком. сбор за валютный  контроль по п/п 1 от 21.07.2010 |НДС 92.85 руб.| 
СтатусСоставителя=
ПлательщикКПП=
ПолучательКПП=
ПоказательКБК=
ОКАТО=
ПоказательОснования=
ПоказательПериода=
ПоказательНомера=
ПоказательДаты=
ПоказательТипа=
ВидОплаты=17
ДатаСписано=22.07.2010
КонецДокумента
СекцияДокумент=Платежное поручение
Дата=22.07.2010
Номер=2341
Сумма=-1850
ПлательщикСчет=40702810538030101736
ПолучательСчет=40702810520590008092
ПлательщикИНН=7729143024
Плательщик1=ООО"ДАПЕКС"
ПлательщикБИК=44525225
ПлательщикБанк1=Сбербанк России ОАО, г. Москва
ПолучательИНН=2634011327
Получатель1=ЗАО "Туристская гостиница Турист"
ПолучательБИК=40349585
ПолучательБанк1=ФИЛИАЛ N 2351 ВТБ 24 (ЗАО) Г.КРАСНОДАР
НазначениеПлатежа=Оплата за проживание по счету № 262 от 22.07.10г. В т.ч.|НДС 282,20 руб.| 
СтатусСоставителя=
ПлательщикКПП=
ПолучательКПП=
ПоказательКБК=
ОКАТО=
ПоказательОснования=
ПоказательПериода=
ПоказательНомера=
ПоказательДаты=
ПоказательТипа=
ВидОплаты=1
ДатаСписано=22.07.2010
КонецДокумента
СекцияДокумент=Платежное поручение
Дата=22.07.2010
Номер=2339
Сумма=-3900
ПлательщикСчет=40702810538030101736
ПолучательСчет=40702810008720000116
ПлательщикИНН=7729143024
Плательщик1=ООО"ДАПЕКС"
ПлательщикБИК=44525225
ПлательщикБанк1=Сбербанк России ОАО, г. Москва
ПолучательИНН=6165099867
Получатель1=ООО "Гостиница Ростов"
ПолучательБИК=46015872
ПолучательБанк1=ООО КБ "ДОНИНВЕСТ" Г.РОСТОВ-НА-ДОНУ
НазначениеПлатежа=Оплата за проживаниеи по счету № 1694 от 16.07.10г. В т.ч.|НДС 594,92 руб.| 
СтатусСоставителя=
ПлательщикКПП=
ПолучательКПП=
ПоказательКБК=
ОКАТО=
ПоказательОснования=
ПоказательПериода=
ПоказательНомера=
ПоказательДаты=0
ПоказательТипа=
ВидОплаты=1
ДатаСписано=22.07.2010
КонецДокумента
СекцияДокумент=Платежное поручение
Дата=22.07.2010
Номер=2340
Сумма=-5355
ПлательщикСчет=40702810538030101736
ПолучательСчет=40702810438090004724
ПлательщикИНН=7729143024
Плательщик1=ООО"ДАПЕКС"
ПлательщикБИК=44525225
ПлательщикБанк1=Сбербанк России ОАО, г. Москва
ПолучательИНН=7714790533
Получатель1=ООО "Отель Тур", Мещанское отделение № 7811/1606
ПолучательБИК=44525225
ПолучательБанк1=СБЕРБАНК РОССИИ ОАО Г.МОСКВА
НазначениеПлатежа=Оплата за проживание по счету № 000927 от 19.07.10г. В т.ч.|НДС 816,86 руб.| 
СтатусСоставителя=
ПлательщикКПП=
ПолучательКПП=
ПоказательКБК=
ОКАТО=
ПоказательОснования=
ПоказательПериода=
ПоказательНомера=
ПоказательДаты=0
ПоказательТипа=
ВидОплаты=1
ДатаСписано=22.07.2010
КонецДокумента
СекцияДокумент=Платежное поручение
Дата=22.07.2010
Номер=2338
Сумма=-20832
ПлательщикСчет=40702810538030101736
ПолучательСчет=40702810200000001257
ПлательщикИНН=7729143024
Плательщик1=ООО"ДАПЕКС"
ПлательщикБИК=44525225
ПлательщикБанк1=Сбербанк России ОАО, г. Москва
ПолучательИНН=8601030011
Получатель1=ООО "Бизнес Отель"
ПолучательБИК=47162740
ПолучательБанк1=ОАО ХАНТЫ-МАНСИЙСКИЙ БАНК Г.ХАНТЫ-МАНСИЙСК
НазначениеПлатежа=Оплата за проживание по счету № 622 от 19.07.10г. В т.ч.|НДС 3177,76 руб.| 
СтатусСоставителя=
ПлательщикКПП=
ПолучательКПП=
ПоказательКБК=
ОКАТО=
ПоказательОснования=
ПоказательПериода=
ПоказательНомера=
ПоказательДаты=
ПоказательТипа=
ВидОплаты=1
ДатаСписано=22.07.2010
КонецДокумента
СекцияДокумент=Платежное поручение
Дата=21.07.2010
Номер=756
Сумма=8910
ПлательщикСчет=40702810000010190328
ПолучательСчет=40702810538030101736
ПлательщикИНН=7743035278
Плательщик1=ООО ТЮФ ИНТЕРНАЦИОНАЛЬ РУС ООО - ПРЕДПР.ГРУППА ТЮФ РЕЙНЛАНД/БЕРЛИН-БРАНДЕНБУРГ
ПлательщикБИК=44525545
ПлательщикБанк1=ЗАО ЮНИКРЕДИТ БАНК г. МОСКВА
ПолучательИНН=7729143024
Получатель1=ООО "ДАПЕКС" Донское ОСБ 7813 г.Москва
ПолучательБИК=44525225
ПолучательБанк1=СБЕРБАНК РОССИИ ОАО г. МОСКВА
НазначениеПлатежа=Оплата по счету 364 от 12.07.10, за проживание "Пущино" 21.07-23.07.10 СкрипкоВ т.ч. |НДС(18%) 1359-15 
СтатусСоставителя=
ПлательщикКПП=774301001
ПолучательКПП=772901001
ПоказательКБК=
ОКАТО=
ПоказательОснования=
ПоказательПериода=
ПоказательНомера=
ПоказательДаты=
ПоказательТипа=
ВидОплаты=1
ДатаПоступило=22.07.2010
КонецДокумента
СекцияДокумент=Платежное поручение
Дата=22.07.2010
Номер=565
Сумма=10800
ПлательщикСчет=40702810900020000549
ПолучательСчет=40702810538030101736
ПлательщикИНН=3811111596
Плательщик1=ООО "ЛЦ-Иркутск"
ПлательщикБИК=42520702
ПлательщикБанк1=ИРКУТСКИЙ ФИЛИАЛ "БРАТСКОГО АНКБ" ОАО г. ИРКУТСК
ПолучательИНН=7729143024
Получатель1=ООО "ДАПЕКС" Донское ОСБ 7813 г. Москва
ПолучательБИК=44525225
ПолучательБанк1=СБЕРБАНК РОССИИ ОАО г. МОСКВА
НазначениеПлатежа=Оплата по счету 371 от 19.07.10 проживание в гостинице "Аэрополис" г.Москва с 25.07.10 по 28.07.10 (Мелентьев) Cумма 10800-00, в т.ч. |НДС(18%) - 1647-46.
СтатусСоставителя=
ПлательщикКПП=381101001
ПолучательКПП=772901001
ПоказательКБК=
ОКАТО=
ПоказательОснования=
ПоказательПериода=
ПоказательНомера=
ПоказательДаты=
ПоказательТипа=
ВидОплаты=1
ДатаПоступило=22.07.2010
КонецДокумента
СекцияДокумент=Мемориальный ордер
Дата=
Номер=5427370
Сумма=52125.87
ПлательщикСчет=4740781003803014070201736
ПолучательСчет=40702810538030101736
ПлательщикИНН=
Плательщик1=
ПлательщикБИК=0
ПлательщикБанк1=
ПолучательИНН=7729143024
Получатель1=ООО"ДАПЕКС"
ПолучательБИК=44525225
ПолучательБанк1=СБЕРБАНК РОССИИ ОАО Г.МОСКВА
НазначениеПлатежа=Зачисление средств по операции продажи иностранной валюты в сумме 1329.25 (978) по курсу 39.2145 
СтатусСоставителя=
ПлательщикКПП=
ПолучательКПП=
ПоказательКБК=
ОКАТО=
ПоказательОснования=
ПоказательПериода=
ПоказательНомера=
ПоказательДаты=
ПоказательТипа=
ВидОплаты=17
ДатаПоступило=22.07.2010
КонецДокумента
СекцияДокумент=Мемориальный (кассовый) ордер
Дата=
Номер=5427367
Сумма=-1329.25
ПлательщикСчет=40702978338030201736
ПолучательСчет=4740597843803004070201736
ПлательщикИНН=7729143024
Плательщик1=ООО"ДАПЕКС"
ПлательщикБИК=44525225
ПлательщикБанк1=СБЕРБАНК РОССИИ ОАО Г.МОСКВА
ПолучательИНН=
Получатель1=
ПолучательБИК=0
ПолучательБанк1=
НазначениеПлатежа=Депонирование средств в сумме 1329.25(978) для продажи банку по курсу 39.2145 
СтатусСоставителя=
ПлательщикКПП=
ПолучательКПП=
ПоказательКБК=
ОКАТО=
ПоказательОснования=
ПоказательПериода=
ПоказательНомера=
ПоказательДаты=
ПоказательТипа=
ВидОплаты=9
ДатаСписано=22.07.2010
КонецДокумента
СекцияДокумент=Мемориальный ордер
Дата=
Номер=593
Сумма=-15
ПлательщикСчет=40702810538030101736
ПолучательСчет=706018100381121020201
ПлательщикИНН=7729143024
Плательщик1=ООО"ДАПЕКС"
ПлательщикБИК=44525225
ПлательщикБанк1=СБЕРБАНК РОССИИ ОАО Г.МОСКВА
ПолучательИНН=
Получатель1=
ПолучательБИК=0
ПолучательБанк1=
НазначениеПлатежа=Комиссионное вознаграждение банка за выполнение платежа по счету 40702810538030101736 за 23.07.2010 согласно действующему тарифу. |НДС не облагается.|
СтатусСоставителя=
ПлательщикКПП=
ПолучательКПП=
ПоказательКБК=
ОКАТО=
ПоказательОснования=
ПоказательПериода=
ПоказательНомера=
ПоказательДаты=
ПоказательТипа=
ВидОплаты=17
ДатаСписано=23.07.2010
КонецДокумента
СекцияДокумент=Платежное поручение
Дата=23.07.2010
Номер=2342
Сумма=-10800
ПлательщикСчет=40702810538030101736
ПолучательСчет=40702810100000002294
ПлательщикИНН=7729143024
Плательщик1=ООО"ДАПЕКС"
ПлательщикБИК=44525225
ПлательщикБанк1=Сбербанк России ОАО, г. Москва
ПолучательИНН=7714315697
Получатель1=ООО "КАСАВЭРДЭ"
ПолучательБИК=44583303
ПолучательБанк1=ОАО МАБ "ТЕМПБАНК" Г.МОСКВА
НазначениеПлатежа=Оплата за проживание по счету № ГС-01172 от 19.07.10г. бр. 226975 В т.ч.|НДС 1647,46 руб.| 
СтатусСоставителя=
ПлательщикКПП=
ПолучательКПП=
ПоказательКБК=
ОКАТО=
ПоказательОснования=
ПоказательПериода=
ПоказательНомера=
ПоказательДаты=0
ПоказательТипа=
ВидОплаты=1
ДатаСписано=23.07.2010
КонецДокумента
СекцияДокумент=Платежное поручение
Дата=21.07.2010
Номер=149
Сумма=3010
ПлательщикСчет=40702810100000002294
ПолучательСчет=40702810538030101736
ПлательщикИНН=7714315697
Плательщик1=ООО "КАСАВЭРДЭ"
ПлательщикБИК=44583303
ПлательщикБанк1=ОАО МАБ "ТЕМПБАНК" г. МОСКВА
ПолучательИНН=7729143024
Получатель1=ООО "ДАПЕКС"
ПолучательБИК=44525225
ПолучательБанк1=СБЕРБАНК РОССИИ ОАО г. МОСКВА
НазначениеПлатежа=Оплата за июнь 2010г. по договору N 606-ГУ от 24,02,09г. в.т.ч. |НДС 18% 459-15 
СтатусСоставителя=
ПлательщикКПП=
ПолучательКПП=
ПоказательКБК=
ОКАТО=
ПоказательОснования=
ПоказательПериода=
ПоказательНомера=
ПоказательДаты=
ПоказательТипа=
ВидОплаты=1
ДатаПоступило=23.07.2010
КонецДокумента
СекцияДокумент=Платежное поручение
Дата=23.07.2010
Номер=798
Сумма=4400
ПлательщикСчет=40702810500000000210
ПолучательСчет=40702810538030101736
ПлательщикИНН=7743035278
Плательщик1=Общество с ограниченной ответственностью "ТЮФ Интернациональ Рус ООО-предпринимательская группа ТЮФ Рейнланд/Берлин-Бранденбург"
ПлательщикБИК=44525101
ПлательщикБанк1=ООО "ДОЙЧЕ БАНК" г. МОСКВА
ПолучательИНН=7729143024
Получатель1=ООО  ДАПЕКС  Донское ОСБ 7813 г.Москва
ПолучательБИК=44525225
ПолучательБанк1=СБЕРБАНК РОССИИ ОАО г. МОСКВА
НазначениеПлатежа=Оплата по счету 369 от 16.07.10, запроживание Ростов 24.07-25.07.10 Наги, В т.ч. |НДС(18 ) 671-19 
СтатусСоставителя=
ПлательщикКПП=
ПолучательКПП=
ПоказательКБК=
ОКАТО=
ПоказательОснования=
ПоказательПериода=
ПоказательНомера=
ПоказательДаты=
ПоказательТипа=
ВидОплаты=1
ДатаПоступило=23.07.2010
КонецДокумента
СекцияДокумент=Платежное поручение
Дата=23.07.2010
Номер=799
Сумма=10732
ПлательщикСчет=40702810500000000210
ПолучательСчет=40702810538030101736
ПлательщикИНН=7743035278
Плательщик1=Общество с ограниченной ответственностью "ТЮФ Интернациональ Рус ООО-предпринимательская группа ТЮФ Рейнланд/Берлин-Бранденбург"
ПлательщикБИК=44525101
ПлательщикБанк1=ООО "ДОЙЧЕ БАНК" г. МОСКВА
ПолучательИНН=7729143024
Получатель1=ООО  ДАПЕКС  Донское ОСБ 7813 г.Москва
ПолучательБИК=44525225
ПолучательБанк1=СБЕРБАНК РОССИИ ОАО г. МОСКВА
НазначениеПлатежа=Оплата по счету 370 от 19.07.10, запроживание Югра 26.07-29.07.10 Уразовский, Агеева, В т.ч. |НДС(18 )1637-08 
СтатусСоставителя=
ПлательщикКПП=
ПолучательКПП=
ПоказательКБК=
ОКАТО=
ПоказательОснования=
ПоказательПериода=
ПоказательНомера=
ПоказательДаты=
ПоказательТипа=
ВидОплаты=1
ДатаПоступило=23.07.2010
КонецДокумента
СекцияДокумент=Платежное поручение
Дата=23.07.2010
Номер=376
Сумма=22800
ПлательщикСчет=40702810829060006896
ПолучательСчет=40702810538030101736
ПлательщикИНН=7814095036
Плательщик1=ООО "СИКОМ"
ПлательщикБИК=44030811
ПлательщикБанк1=ФИЛИАЛ N 7806 ВТБ 24 (ЗАО) г. САНКТ-ПЕТЕРБУРГ
ПолучательИНН=7729143024
Получатель1=ООО "Дапекс"
ПолучательБИК=44525225
ПолучательБанк1=СБЕРБАНК РОССИИ ОАО г. МОСКВА
НазначениеПлатежа=Предоплата за проживание в г-це "Александр Блок" г. Москва с 09.1 0.10. по 15.10.10.по счетуN376 от 22.07.10 на сумму 22800-00, в т. ч. |НДС18% 3477-97.
СтатусСоставителя=
ПлательщикКПП=780401001
ПолучательКПП=772901001
ПоказательКБК=
ОКАТО=
ПоказательОснования=
ПоказательПериода=
ПоказательНомера=
ПоказательДаты=
ПоказательТипа=
ВидОплаты=1
ДатаПоступило=23.07.2010
КонецДокумента
СекцияДокумент=Мемориальный ордер
Дата=
Номер=20316
Сумма=-35
ПлательщикСчет=40702810538030101736
ПолучательСчет=706018100380021020201
ПлательщикИНН=7729143024
Плательщик1=ООО"ДАПЕКС"
ПлательщикБИК=44525225
ПлательщикБанк1=СБЕРБАНК РОССИИ ОАО Г.МОСКВА
ПолучательИНН=
Получатель1=
ПолучательБИК=0
ПолучательБанк1=
НазначениеПлатежа=Комиссионное вознаграждение банка за выполнение платежа по счету 40702810538030101736 за 26.07.2010 согласно действующему тарифу. |НДС не облагается.|
СтатусСоставителя=
ПлательщикКПП=
ПолучательКПП=
ПоказательКБК=
ОКАТО=
ПоказательОснования=
ПоказательПериода=
ПоказательНомера=
ПоказательДаты=
ПоказательТипа=
ВидОплаты=17
ДатаСписано=26.07.2010
КонецДокумента
СекцияДокумент=Платежное поручение
Дата=26.07.2010
Номер=2343
Сумма=-25488
ПлательщикСчет=40702810538030101736
ПолучательСчет=40702810600700612015
ПлательщикИНН=7729143024
Плательщик1=ООО"ДАПЕКС" Московский банк Сбербанка России ОАО, г.Москва
ПлательщикБИК=44525225
ПлательщикБанк1=Сбербанк России ОАО г.Москва
ПолучательИНН=7730001183
Получатель1=ООО "СЛАВЯНСКАЯ ГОСТИНИЦА И ДЕЛОВОЙ ЦЕНТР"
ПолучательБИК=44525202
ПолучательБанк1=ЗАО КБ "СИТИБАНК" Г.МОСКВА
НазначениеПлатежа=Предоплата за проживание по счету Н-19462, в т.ч |НДС 3888,00 руб.| 
СтатусСоставителя=
ПлательщикКПП=
ПолучательКПП=
ПоказательКБК=
ОКАТО=
ПоказательОснования=
ПоказательПериода=
ПоказательНомера=
ПоказательДаты=
ПоказательТипа=
ВидОплаты=1
ДатаСписано=26.07.2010
КонецДокумента
СекцияДокумент=Платежное поручение
Дата=26.07.2010
Номер=440
Сумма=720
ПлательщикСчет=40702810500000004669
ПолучательСчет=40702810538030101736
ПлательщикИНН=7717540274
Плательщик1=ОАО "Учебно-тренинговая гостиница"
ПлательщикБИК=44552550
ПлательщикБанк1=ООО КБ "ОГНИ МОСКВЫ" г. МОСКВА
ПолучательИНН=7729143024
Получатель1=ООО "ДАПЕКС"
ПолучательБИК=44525225
ПолучательБанк1=СБЕРБАНК РОССИИ ОАО г. МОСКВА
НазначениеПлатежа=Оплата комиссионнгого вознаграждения за июнь 2010 г по счету N 355 от 30.06.10, согласно Договора NН-205 от 01.01.06 Cумма 720-00,в т.ч. |НДС(18%) - 109-83.
СтатусСоставителя=
ПлательщикКПП=771701001
ПолучательКПП=
ПоказательКБК=
ОКАТО=
ПоказательОснования=
ПоказательПериода=
ПоказательНомера=
ПоказательДаты=
ПоказательТипа=
ВидОплаты=1
ДатаПоступило=26.07.2010
КонецДокумента
СекцияДокумент=Платежное поручение
Дата=26.07.2010
Номер=351
Сумма=4156
ПлательщикСчет=40702810300000003630
ПолучательСчет=40702810538030101736
ПлательщикИНН=7717649634
Плательщик1=ООО "Хотел Солюшенз"
ПлательщикБИК=44583328
ПлательщикБанк1=КБ "РМБ" ЗАО г. МОСКВА
ПолучательИНН=7729143024
Получатель1=ООО "ДАПЕКС" Донское ОСБ 7813 г.Москва
ПолучательБИК=44525225
ПолучательБанк1=СБЕРБАНК РОССИИ ОАО г. МОСКВА
НазначениеПлатежа=Оплата по сч.№332 от 30/06/10г. агентское вознаграждение за Июнь 2010г. В том числе |НДС 633.97 
СтатусСоставителя=
ПлательщикКПП=771701001
ПолучательКПП=772901001
ПоказательКБК=
ОКАТО=
ПоказательОснования=
ПоказательПериода=
ПоказательНомера=
ПоказательДаты=
ПоказательТипа=
ВидОплаты=1
ДатаПоступило=26.07.2010
КонецДокумента
СекцияДокумент=Платежное поручение
Дата=26.07.2010
Номер=790
Сумма=27635
ПлательщикСчет=40702810208010010078
ПолучательСчет=40702810538030101736
ПлательщикИНН=2721085325
Плательщик1=Общество с ограниченной ответственностью "Туристическая компания Мандарин"
ПлательщикБИК=40813737
ПлательщикБанк1=ОАО "НОМОС-РЕГИОБАНК" г. ХАБАРОВСК
ПолучательИНН=7729143024
Получатель1=ООО "Дапекс"
ПолучательБИК=44525225
ПолучательБанк1=СБЕРБАНК РОССИИ ОАО г. МОСКВА
НазначениеПлатежа=Счет N 375 от 22.07.10,в т.ч. |НДС - 4215.51 
СтатусСоставителя=
ПлательщикКПП=272101001
ПолучательКПП=772901001
ПоказательКБК=
ОКАТО=
ПоказательОснования=
ПоказательПериода=
ПоказательНомера=
ПоказательДаты=
ПоказательТипа=
ВидОплаты=1
ДатаПоступило=26.07.2010
КонецДокумента
СекцияДокумент=Мемориальный ордер
Дата=
Номер=8056
Сумма=-20
ПлательщикСчет=40702810538030101736
ПолучательСчет=706018100380021020201
ПлательщикИНН=7729143024
Плательщик1=ООО"ДАПЕКС"
ПлательщикБИК=44525225
ПлательщикБанк1=СБЕРБАНК РОССИИ ОАО Г.МОСКВА
ПолучательИНН=
Получатель1=
ПолучательБИК=0
ПолучательБанк1=
НазначениеПлатежа=Комиссионное вознаграждение банка за выполнение платежей по счету 40702810538030101736 за 27.07.2010 согласно действующему тарифу. |НДС не облагается.|
СтатусСоставителя=
ПлательщикКПП=
ПолучательКПП=
ПоказательКБК=
ОКАТО=
ПоказательОснования=
ПоказательПериода=
ПоказательНомера=
ПоказательДаты=
ПоказательТипа=
ВидОплаты=17
ДатаСписано=27.07.2010
КонецДокумента
СекцияДокумент=Платежное поручение
Дата=27.07.2010
Номер=2345
Сумма=-3069
ПлательщикСчет=40702810538030101736
ПолучательСчет=40702810349000102255
ПлательщикИНН=7729143024
Плательщик1=ООО"ДАПЕКС"
ПлательщикБИК=44525225
ПлательщикБанк1=Сбербанк России ОАО г.Москва
ПолучательИНН=5902180304
Получатель1=ЗАО "Гостиница Турист"
ПолучательБИК=45773603
ПолучательБанк1=ЗАПАДНО-УРАЛЬСКИЙ БАНК СБЕРБАНКА РФ Г.ПЕРМЬ
НазначениеПлатежа=Оплата за проживание по счету № 101862 от 27.07.10г. В т.ч.|НДС 468,15 руб.| 
СтатусСоставителя=
ПлательщикКПП=
ПолучательКПП=
ПоказательКБК=
ОКАТО=
ПоказательОснования=
ПоказательПериода=
ПоказательНомера=
ПоказательДаты=
ПоказательТипа=
ВидОплаты=1
ДатаСписано=27.07.2010
КонецДокумента
СекцияДокумент=Платежное поручение
Дата=27.07.2010
Номер=2344
Сумма=-18360
ПлательщикСчет=40702810538030101736
ПолучательСчет=40702810600140010500
ПлательщикИНН=7729143024
Плательщик1=ООО"ДАПЕКС"
ПлательщикБИК=44525225
ПлательщикБанк1=Сбербанк России ОАО г.Москва
ПолучательИНН=7729009861
Получатель1=ОАО "Центральный Дом Туриста"
ПолучательБИК=44552591
ПолучательБанк1=ЗАО "РУССТРОЙБАНК" Г.МОСКВА
НазначениеПлатежа=Оплата за проживание по счету N 3196 от 26.07.10г. В т.ч.|НДС 2800,68 руб.| 
СтатусСоставителя=
ПлательщикКПП=
ПолучательКПП=
ПоказательКБК=
ОКАТО=
ПоказательОснования=
ПоказательПериода=
ПоказательНомера=
ПоказательДаты=0
ПоказательТипа=
ВидОплаты=1
ДатаСписано=27.07.2010
КонецДокумента
СекцияДокумент=Платежное поручение
Дата=27.07.2010
Номер=952
Сумма=1861.2
ПлательщикСчет=40702810400150000012
ПолучательСчет=40702810538030101736
ПлательщикИНН=7717029782
Плательщик1=ОАО ГОСТИНИЦА ЗВЕЗДНАЯ
ПлательщикБИК=44525205
ПлательщикБанк1=ОАО "БИНБАНК" г. МОСКВА
ПолучательИНН=7729143024
Получатель1=ООО"Дапекс" Донское ОСБ N 7813
ПолучательБИК=44525225
ПолучательБанк1=СБЕРБАНК РОССИИ ОАО г. МОСКВА
НазначениеПлатежа=Оплата за комиссионное вознаграждение за июнь 2010г. по сч.357 от 30.06.2010г. Cумма 1861-20, в т.ч. |НДС(18%) - 283-91. 
СтатусСоставителя=
ПлательщикКПП=771701001
ПолучательКПП=772901001
ПоказательКБК=
ОКАТО=
ПоказательОснования=
ПоказательПериода=
ПоказательНомера=
ПоказательДаты=
ПоказательТипа=
ВидОплаты=1
ДатаПоступило=27.07.2010
КонецДокумента
СекцияДокумент=Платежное поручение
Дата=27.07.2010
Номер=32
Сумма=2050
ПлательщикСчет=40702810700000000670
ПолучательСчет=40702810538030101736
ПлательщикИНН=7704721315
Плательщик1=ООО "Ферринг Фармасетикалз"
ПлательщикБИК=44525101
ПлательщикБанк1=ООО "ДОЙЧЕ БАНК" г. МОСКВА
ПолучательИНН=7729143024
Получатель1=ООО  Дапекс
ПолучательБИК=44525225
ПолучательБанк1=СБЕРБАНК РОССИИ ОАО г. МОСКВА
НазначениеПлатежа=Оплата по счету 377 от 22.07.10 за проживание Cумма 2050-00, в т.ч. |НДС(18 ) - 312-71. 
СтатусСоставителя=
ПлательщикКПП=
ПолучательКПП=
ПоказательКБК=
ОКАТО=
ПоказательОснования=
ПоказательПериода=
ПоказательНомера=
ПоказательДаты=
ПоказательТипа=
ВидОплаты=1
ДатаПоступило=27.07.2010
КонецДокумента
СекцияДокумент=Платежное поручение
Дата=27.07.2010
Номер=443
Сумма=20400
ПлательщикСчет=40702810100010000718
ПолучательСчет=40702810538030101736
ПлательщикИНН=7716541028
Плательщик1=ООО "Финансы А"
ПлательщикБИК=44552105
ПлательщикБанк1=МОСКОВСКИЙ ФИЛИАЛ ОАО КИБ "ЕВРОАЛЬЯНС" г. МОСКВА
ПолучательИНН=7729143024
Получатель1=ООО "Дапекс"
ПолучательБИК=44525225
ПолучательБанк1=СБЕРБАНК РОССИИ ОАО г. МОСКВА
НазначениеПлатежа=Оплата счета N 378 от 26.07.2010 за проживание в г-це "Центральный Дом Туриста" г. Москва с 27.07. по 30.07.2010.Сумма 20400-00В т.ч. |НДС(18%) 3111-86
СтатусСоставителя=
ПлательщикКПП=502701001
ПолучательКПП=
ПоказательКБК=
ОКАТО=
ПоказательОснования=
ПоказательПериода=
ПоказательНомера=
ПоказательДаты=
ПоказательТипа=
ВидОплаты=1
ДатаПоступило=27.07.2010
КонецДокумента
СекцияДокумент=Мемориальный ордер
Дата=
Номер=7900
Сумма=-30
ПлательщикСчет=40702810538030101736
ПолучательСчет=706018100380021020201
ПлательщикИНН=7729143024
Плательщик1=ООО"ДАПЕКС"
ПлательщикБИК=44525225
ПлательщикБанк1=СБЕРБАНК РОССИИ ОАО Г.МОСКВА
ПолучательИНН=
Получатель1=
ПолучательБИК=0
ПолучательБанк1=
НазначениеПлатежа=Комиссионное вознаграждение банка за выполнение платежей по счету 40702810538030101736 за 28.07.2010 согласно действующему тарифу. |НДС не облагается.|
СтатусСоставителя=
ПлательщикКПП=
ПолучательКПП=
ПоказательКБК=
ОКАТО=
ПоказательОснования=
ПоказательПериода=
ПоказательНомера=
ПоказательДаты=
ПоказательТипа=
ВидОплаты=17
ДатаСписано=28.07.2010
КонецДокумента
СекцияДокумент=Платежное поручение
Дата=28.07.2010
Номер=2347
Сумма=-12500
ПлательщикСчет=40702810538030101736
ПолучательСчет=40702810516000016653
ПлательщикИНН=7729143024
Плательщик1=ООО"ДАПЕКС"
ПлательщикБИК=44525225
ПлательщикБанк1=Сбербанк России ОАО г.Москва
ПолучательИНН=7737550489
Получатель1=ООО "Лига"
ПолучательБИК=44525209
ПолучательБанк1=ЗАО "МОССТРОЙЭКОНОМБАНК" Г.МОСКВА
НазначениеПлатежа=Оплата по договору субаренды N 82 от 01.03.10г. за август 2010г. В т.ч.|НДС 1906,78 руб.| 
СтатусСоставителя=
ПлательщикКПП=
ПолучательКПП=
ПоказательКБК=
ОКАТО=
ПоказательОснования=
ПоказательПериода=
ПоказательНомера=
ПоказательДаты=
ПоказательТипа=
ВидОплаты=1
ДатаСписано=28.07.2010
КонецДокумента
СекцияДокумент=Платежное поручение
Дата=28.07.2010
Номер=2346
Сумма=-27900
ПлательщикСчет=40702810538030101736
ПолучательСчет=40702810800000001412
ПлательщикИНН=7729143024
Плательщик1=ООО"ДАПЕКС"
ПлательщикБИК=44525225
ПлательщикБанк1=Сбербанк России ОАО г.Москва
ПолучательИНН=7714717660
Получатель1=ООО "АэроПлаза"
ПолучательБИК=44525352
ПолучательБанк1=ОАО БАНК "ПЕТРОКОММЕРЦ" Г.МОСКВА
НазначениеПлатежа=Оплата за проживание по  счету N 4242, № 4243 от 23.07.10 В т.ч.|НДС 4255,93 руб.| 
СтатусСоставителя=
ПлательщикКПП=
ПолучательКПП=
ПоказательКБК=
ОКАТО=
ПоказательОснования=
ПоказательПериода=
ПоказательНомера=
ПоказательДаты=
ПоказательТипа=
ВидОплаты=1
ДатаСписано=28.07.2010
КонецДокумента
КонецФайла
