1CClientBankExchange
ВерсияФормата=1,01
Кодировка=Windows
Получатель=1Cv77
ДатаСоздания=14.01.2008
ВремяСоздания=17:28:36
ДатаНачала=01.01.2008
ДатаКонца=14.01.2008
РасчСчет=40702810338110109612
СекцияРасчСчет
ДатаНачала=09.01.2008
ДатаКонца=14.01.2008
РасчСчет=40702810338110109612
НачальныйОстаток=381365.6
ВсегоПоступило=8435
ВсегоСписано=23708
КонечныйОстаток=366092.6
КонецРасчСчет
СекцияДокумент=Платежное поручение
Дата=14.01.2008
Номер=299
Сумма=-22715
ПлательщикСчет=40702810338110109612
ПолучательСчет=40702810308000010052
ПлательщикИНН=7726552484
Плательщик1=ООО "Гостиницы для Вас"
ПлательщикБИК=44525225
ПлательщикБанк1=
ПолучательИНН=7702627966
Получатель1=ООО "Отель сервис"
ПолучательБИК=44585777
ПолучательБанк1=АКБ "РОСЕВРОБАНК" (ОАО) Г.МОСКВА
НазначениеПлатежа=Оплата за проживание по счету N 175 от 10.01.08г. НДС не облагается. 
СтатусСоставителя=
ПлательщикКПП=772601001
ПолучательКПП=770201001
ПоказательКБК=
ОКАТО=
ПоказательОснования=
ПоказательПериода=
ПоказательНомера=
ПоказательДаты=
ПоказательТипа=
ВидОплаты=1
ДатаСписано=14.01.2008
КонецДокумента
СекцияДокумент=Платежное поручение
Дата=14.01.2008
Номер=5
Сумма=2435
ПлательщикСчет=40702810438110107161
ПолучательСчет=40702810338110109612
ПлательщикИНН=7724251650
Плательщик1=ООО"НОСТ" Донское ОСБ 7813, г.Москва
ПлательщикБИК=44525225
ПлательщикБанк1=Сбербанк России ОАО, г. Москва
ПолучательИНН=7726552484
Получатель1=ООО "Гостиницы для Вас"
ПолучательБИК=44525225
ПолучательБанк1=
НазначениеПлатежа=ВОЗНАГРАЖДЕНИЕ агента за декабрь 2007г. по отчету N 256-1207/2 от 31.12.07г. Без НДС 
СтатусСоставителя=
ПлательщикКПП=772401001
ПолучательКПП=772601001
ПоказательКБК=
ОКАТО=
ПоказательОснования=
ПоказательПериода=
ПоказательНомера=
ПоказательДаты=
ПоказательТипа=
ВидОплаты=1
ДатаПоступило=14.01.2008
КонецДокумента
СекцияДокумент=Мемориальный (кассовый) ордер
Дата=11.01.2008
Номер=0
Сумма=-13
ПлательщикСчет=40702810338110109612
ПолучательСчет=706018100381121020201
ПлательщикИНН=7726552484
Плательщик1=ООО "Гостиницы для Вас"
ПлательщикБИК=44525225
ПлательщикБанк1=
ПолучательИНН=
Получатель1=Комиссия за совершение безналичных операций по счетам юридисеских лиц  (кроме кредитных организаций)
ПолучательБИК=0
ПолучательБанк1=Сбербанк России ОАО, г. Москва
НазначениеПлатежа=Комиссионное вознаграждение банка за выполнение платежа по счету 40702810338110109612 за 11.01.2008 согласно действующему тарифу. НДС не облагается.
СтатусСоставителя=
ПлательщикКПП=
ПолучательКПП=
ПоказательКБК=
ОКАТО=
ПоказательОснования=
ПоказательПериода=
ПоказательНомера=
ПоказательДаты=
ПоказательТипа=
ВидОплаты=9
ДатаСписано=11.01.2008
КонецДокумента
СекцияДокумент=Платежное поручение
Дата=11.01.2008
Номер=298
Сумма=-780
ПлательщикСчет=40702810338110109612
ПолучательСчет=40702810306900140023
ПлательщикИНН=7726552484
Плательщик1=ООО "Гостиницы для Вас"
ПлательщикБИК=44525225
ПлательщикБанк1=
ПолучательИНН=5029096431
Получатель1=ООО "НВатер"
ПолучательБИК=44525181
ПолучательБанк1=БАНК "ВОЗРОЖДЕНИЕ" (ОАО) Г.МОСКВА
НазначениеПлатежа=Оплата за питьевую воду по счету N НВ00040094 от 29.10.07 В т.ч.НДС 118,98 руб. 
СтатусСоставителя=
ПлательщикКПП=
ПолучательКПП=
ПоказательКБК=
ОКАТО=
ПоказательОснования=
ПоказательПериода=
ПоказательНомера=
ПоказательДаты=
ПоказательТипа=
ВидОплаты=1
ДатаСписано=11.01.2008
КонецДокумента
СекцияДокумент=Платежное поручение
Дата=11.01.2008
Номер=7
Сумма=6000
ПлательщикСчет=40702810900000002788
ПолучательСчет=40702810338110109612
ПлательщикИНН=4217014905
Плательщик1=ООО "Агентство "Частная жизнь"
ПлательщикБИК=43209705
ПлательщикБанк1=АКБ НМБ ОАО г. НОВОКУЗНЕЦК
ПолучательИНН=7726552484
Получатель1=ООО "Гостиницы для Вас"
ПолучательБИК=44525225
ПолучательБанк1=
НазначениеПлатежа=Оплата по счету N415 от 26.12.2007 за прожив. в гост. "Шереметьево-2" с 09.02.08 по 10.02.08 Cумма 6000-00, без налога (НДС). 
СтатусСоставителя=
ПлательщикКПП=421701001
ПолучательКПП=772601001
ПоказательКБК=
ОКАТО=
ПоказательОснования=
ПоказательПериода=
ПоказательНомера=
ПоказательДаты=
ПоказательТипа=
ВидОплаты=1
ДатаПоступило=11.01.2008
КонецДокумента
СекцияДокумент=Мемориальный (кассовый) ордер
Дата=09.01.2008
Номер=19449
Сумма=-200
ПлательщикСчет=40702810338110109612
ПолучательСчет=706018106381121010101
ПлательщикИНН=7726552484
Плательщик1=ООО "Гостиницы для Вас"
ПлательщикБИК=44525225
ПлательщикБанк1=
ПолучательИНН=
Получатель1=Комиссия за открытие и ведение счетов юридических лиц
ПолучательБИК=0
ПолучательБанк1=Сбербанк России ОАО, г. Москва
НазначениеПлатежа=Ежемесячная плата за ведение клиентского счета в валюте РФ за Декабрь 2007 г. 200.00 рублей. НДС не облагается. 
СтатусСоставителя=
ПлательщикКПП=
ПолучательКПП=
ПоказательКБК=
ОКАТО=
ПоказательОснования=
ПоказательПериода=
ПоказательНомера=
ПоказательДаты=
ПоказательТипа=
ВидОплаты=9
ДатаСписано=09.01.2008
КонецДокумента
КонецФайла
